Sales,05/04/2023,05/05/2023,05/06/2023,05/07/2023,05/08/2023,05/09/2023,05/10/2023,05/11/2023,05/12/2023,05/13/2023,05/14/2023,05/15/2023,05/16/2023,05/17/2023,05/18/2023,05/19/2023,05/20/2023,05/21/2023,05/22/2023,05/23/2023,05/24/2023,05/25/2023,05/26/2023,05/27/2023,05/28/2023,05/29/2023,05/30/2023,05/31/2023,06/01/2023,06/02/2023,06/03/2023,06/04/2023,06/05/2023,06/06/2023,06/07/2023,06/08/2023,06/09/2023,06/10/2023,06/11/2023,06/12/2023,06/13/2023,06/14/2023,06/15/2023,06/16/2023,06/17/2023,06/18/2023,06/19/2023,06/20/2023,06/21/2023,06/22/2023,06/23/2023,06/24/2023,06/25/2023,06/26/2023,06/27/2023,06/28/2023,06/29/2023,06/30/2023,07/01/2023,07/02/2023,07/03/2023,07/04/2023,07/05/2023,07/06/2023,07/07/2023,07/08/2023,07/09/2023,07/10/2023,07/11/2023,07/12/2023,07/13/2023,07/14/2023,07/15/2023,07/16/2023,07/17/2023,07/18/2023,07/19/2023,07/20/2023,07/21/2023,07/22/2023,07/23/2023,07/24/2023,07/25/2023,07/26/2023,07/27/2023,07/28/2023,07/29/2023,07/30/2023,07/31/2023,08/01/2023,08/02/2023,08/03/2023,08/04/2023,08/05/2023,08/06/2023,08/07/2023,08/08/2023,08/09/2023,08/10/2023,08/11/2023,08/12/2023,08/13/2023,08/14/2023,08/15/2023,08/16/2023,08/17/2023,08/18/2023,08/19/2023,08/20/2023,08/21/2023,08/22/2023,08/23/2023,08/24/2023,08/25/2023,08/26/2023,08/27/2023,08/28/2023,08/29/2023,08/30/2023,08/31/2023,09/01/2023,09/02/2023,09/03/2023,09/04/2023,09/05/2023,09/06/2023,09/07/2023,09/08/2023,09/09/2023,09/10/2023,09/11/2023,09/12/2023,09/13/2023,09/14/2023,09/15/2023,09/16/2023,09/17/2023,09/18/2023,09/19/2023,09/20/2023,09/21/2023,09/22/2023,09/23/2023,09/24/2023,09/25/2023,09/26/2023,09/27/2023,09/28/2023,09/29/2023,09/30/2023,10/01/2023,10/02/2023,10/03/2023,10/04/2023,10/05/2023,10/06/2023,10/07/2023,10/08/2023,10/09/2023,10/10/2023,10/11/2023,10/12/2023,10/13/2023,10/14/2023,10/15/2023,10/16/2023,10/17/2023,10/18/2023,10/19/2023,10/20/2023,10/21/2023,10/22/2023,10/23/2023,10/24/2023,10/25/2023,10/26/2023,10/27/2023,10/28/2023,10/29/2023,10/30/2023,10/31/2023,11/01/2023,11/02/2023,11/03/2023,11/04/2023,11/05/2023,11/06/2023,11/07/2023,11/08/2023,11/09/2023,11/10/2023,11/11/2023,11/12/2023,11/13/2023,11/14/2023,11/15/2023,11/16/2023,11/17/2023,11/18/2023,11/19/2023,11/20/2023,11/21/2023,11/22/2023,11/23/2023,11/24/2023,11/25/2023,11/26/2023,11/27/2023,11/28/2023,11/29/2023,11/30/2023,12/01/2023,12/02/2023,12/03/2023,12/04/2023,12/05/2023,12/06/2023,12/07/2023,12/08/2023,12/09/2023,12/10/2023,12/11/2023,12/12/2023,12/13/2023,12/14/2023,12/15/2023,12/16/2023,12/17/2023,12/18/2023,12/19/2023,12/20/2023,12/21/2023,12/22/2023,12/23/2023,12/24/2023,12/25/2023,12/26/2023,12/27/2023,12/28/2023,12/29/2023,12/30/2023,12/31/2023,01/01/2024,01/02/2024,01/03/2024,01/04/2024,01/05/2024,01/06/2024,01/07/2024,01/08/2024,01/09/2024,01/10/2024,01/11/2024,01/12/2024,01/13/2024,01/14/2024,01/15/2024,01/16/2024,01/17/2024,01/18/2024,01/19/2024,01/20/2024,01/21/2024,01/22/2024,01/23/2024,01/24/2024,01/25/2024,01/26/2024,01/27/2024,01/28/2024,01/29/2024,01/30/2024,01/31/2024,02/01/2024,02/02/2024,02/03/2024,02/04/2024,02/05/2024,02/06/2024,02/07/2024,02/08/2024,02/09/2024,02/10/2024,02/11/2024,02/12/2024,02/13/2024,02/14/2024,02/15/2024,02/16/2024,02/17/2024,02/18/2024,02/19/2024,02/20/2024,02/21/2024,02/22/2024,02/23/2024,02/24/2024,02/25/2024,02/26/2024,02/27/2024,02/28/2024,02/29/2024,03/01/2024,03/02/2024,03/03/2024,03/04/2024,03/05/2024,03/06/2024,03/07/2024,03/08/2024,03/09/2024,03/10/2024,03/11/2024,03/12/2024,03/13/2024,03/14/2024,03/15/2024,03/16/2024,03/17/2024,03/18/2024,03/19/2024,03/20/2024,03/21/2024,03/22/2024,03/23/2024,03/24/2024,03/25/2024,03/26/2024,03/27/2024,03/28/2024,03/29/2024,03/30/2024,03/31/2024,04/01/2024,04/02/2024,04/03/2024,04/04/2024,04/05/2024,04/06/2024,04/07/2024,04/08/2024,04/09/2024,04/10/2024,04/11/2024,04/12/2024,04/13/2024,04/14/2024,04/15/2024,04/16/2024,04/17/2024,04/18/2024,04/19/2024,04/20/2024,04/21/2024,04/22/2024,04/23/2024,04/24/2024,04/25/2024,04/26/2024,04/27/2024,04/28/2024,04/29/2024,04/30/2024,05/01/2024,05/02/2024,05/03/2024,05/04/2024,05/05/2024
Gross Sales,"$2,099.80","$2,331.30","$1,774.80","$1,773.20","$2,679.70","$2,178.70","$2,705.40","$2,969.80","$3,433.60","$1,589.91","$1,197.20","$2,485.40","$3,046.30","$2,576.75","$2,448.15","$2,556.53",$927.80,"$1,461.60","$2,360.00","$2,389.30","$2,857.85","$2,528.55","$3,168.20","$1,502.80","$1,242.10","$1,647.80","$2,407.97","$2,611.30","$2,857.65","$2,891.35",$945.95,"$1,409.40","$2,350.80","$2,368.10","$2,184.20","$2,317.50","$2,600.40","$1,452.10","$1,529.10","$2,078.50","$2,602.55","$2,152.30","$2,482.90","$2,158.40","$1,414.80","$1,181.20","$2,458.40","$2,000.60","$2,065.40","$2,067.80","$1,889.80","$1,446.00","$1,389.60","$2,317.20","$2,246.30","$2,509.40","$2,834.60","$2,736.70","$1,227.60",$987.35,"$2,394.10",$658.10,"$2,966.10","$2,970.80","$2,642.85","$1,265.40","$1,326.80","$2,616.42","$2,108.98","$2,784.50","$2,904.56","$2,204.90","$1,527.30",$771.80,"$2,568.70","$2,155.55","$2,356.40","$2,821.60","$2,790.20","$1,531.00","$1,205.70","$2,470.10","$2,308.85","$2,755.00","$2,782.70","$2,889.30","$1,499.00","$1,293.70","$2,338.80","$2,515.70","$2,583.50","$2,596.30","$2,239.80","$1,417.75","$1,306.80","$2,105.00","$2,640.80","$2,551.10","$2,061.40","$2,709.40","$1,587.80","$1,460.45","$2,272.10","$2,159.46","$2,558.70","$2,419.85","$2,657.45","$1,622.95","$1,272.70","$2,748.50","$2,439.80","$2,313.60","$1,793.10","$1,841.52","$1,680.70","$1,319.30","$2,055.55","$2,487.04","$2,478.45","$2,622.30","$2,665.90","$1,506.10","$1,295.05","$1,562.34","$2,665.50","$2,719.65","$1,876.60","$2,253.70","$1,518.80","$1,180.80","$2,194.57","$2,440.90","$2,352.90","$2,586.80","$2,641.35","$1,418.80","$1,431.88","$1,500.70","$2,070.85","$2,477.95","$2,508.60","$2,172.40",$811.30,$643.00,"$1,476.10","$1,369.20","$2,017.70","$1,703.20","$1,009.50","$1,307.90","$1,466.00","$2,306.10","$2,652.70","$2,698.10","$2,367.80","$2,152.05",$919.00,"$1,144.43","$1,842.40","$1,765.79","$2,074.80","$2,274.70","$1,995.50",$932.10,"$1,025.20","$1,644.20","$1,691.20","$1,712.80","$2,203.35","$1,574.87","$1,280.40",$760.85,"$1,649.28","$1,804.10","$1,856.70","$2,742.60","$2,125.80","$1,704.30",$749.50,"$1,587.80","$1,510.40","$1,356.20","$1,543.40","$1,710.80","$1,265.25",$929.10,"$1,533.90","$2,059.60","$1,460.30","$2,089.81","$1,876.55",$939.25,$914.80,"$1,609.89","$1,503.20","$1,611.60","$1,825.26","$2,005.30","$1,008.86","$1,106.50","$1,309.20","$1,064.90","$1,717.40",$0.00,$962.50,$639.80,$643.20,"$1,535.70",$873.10,$955.40,"$1,532.40","$1,353.50","$1,193.10",$511.50,"$1,338.60","$1,418.70","$1,271.20","$1,015.20","$1,770.53","$1,008.70",$645.60,$918.50,"$1,439.20","$1,381.95","$1,057.30","$1,595.80","$1,097.10",$865.20,"$1,058.00",$902.70,"$1,076.60","$1,239.80","$1,045.40",$680.50,$495.89,$196.10,"$1,114.00","$1,270.60","$1,038.30","$1,538.50",$668.50,$751.60,$759.10,"$1,086.60","$1,134.45","$1,301.00","$1,394.97",$653.00,$561.20,"$1,204.95","$1,154.30","$1,681.00","$1,315.80","$1,565.40","$1,192.40",$794.80,$804.34,$697.10,$868.40,"$1,194.60","$1,137.40",$660.90,$559.10,"$1,098.20","$1,178.80","$1,142.40","$1,439.30","$1,293.20","$1,072.95",$635.85,"$1,205.10","$1,196.30","$1,464.95","$1,381.60","$1,542.70","$1,087.25",$859.35,"$1,479.40",$672.10,"$1,427.35","$1,751.60","$2,174.00","$1,098.35",$965.70,"$1,574.25",$702.00,"$1,254.20","$1,647.50","$1,792.15","$1,004.30",$650.25,"$1,178.80","$1,522.70","$1,746.40","$1,599.41","$1,696.50","$1,187.69","$1,211.05","$1,594.90","$1,931.50","$1,673.80","$1,664.30","$1,905.45",$964.50,"$2,034.70","$1,938.60","$1,195.05","$1,654.95","$1,899.30","$2,413.79",$819.60,$927.50,"$1,558.90","$2,495.30","$2,384.40","$3,041.70","$2,747.50","$1,359.70","$1,566.30","$1,703.20","$1,662.60","$1,739.20","$1,631.40","$1,598.69",$645.50,"$1,119.00","$1,655.95","$1,937.15","$1,704.40","$1,875.12","$2,633.05","$1,247.69","$1,088.59","$1,490.30","$1,265.80","$1,124.50","$1,585.40","$2,046.00","$1,385.05","$1,299.50","$2,115.65","$2,914.10","$2,434.70","$2,193.80","$1,998.20","$1,105.60","$1,662.10","$3,057.00","$2,743.00","$1,930.03","$1,616.80","$2,198.30","$1,499.80",$899.50,"$2,106.20","$1,999.00","$2,241.80","$2,158.35","$2,310.70","$1,569.06","$1,523.40","$3,234.65","$2,117.40","$2,837.10","$2,942.10","$2,503.25","$1,191.90",$0.00
Items,"$2,099.80","$2,331.30","$1,774.80","$1,773.20","$2,679.70","$2,178.70","$2,705.40","$2,969.80","$3,433.60","$1,589.91","$1,197.20","$2,485.40","$3,046.30","$2,576.75","$2,448.15","$2,556.53",$927.80,"$1,461.60","$2,360.00","$2,389.30","$2,857.85","$2,528.55","$3,168.20","$1,502.80","$1,242.10","$1,647.80","$2,407.97","$2,611.30","$2,857.65","$2,891.35",$945.95,"$1,409.40","$2,350.80","$2,368.10","$2,184.20","$2,317.50","$2,600.40","$1,452.10","$1,529.10","$2,078.50","$2,602.55","$2,152.30","$2,482.90","$2,158.40","$1,414.80","$1,181.20","$2,458.40","$2,000.60","$2,065.40","$2,067.80","$1,889.80","$1,446.00","$1,389.60","$2,317.20","$2,246.30","$2,509.40","$2,834.60","$2,736.70","$1,227.60",$987.35,"$2,394.10",$658.10,"$2,966.10","$2,970.80","$2,642.85","$1,265.40","$1,326.80","$2,616.42","$2,108.98","$2,784.50","$2,904.56","$2,204.90","$1,527.30",$771.80,"$2,568.70","$2,155.55","$2,356.40","$2,821.60","$2,790.20","$1,531.00","$1,205.70","$2,470.10","$2,308.85","$2,755.00","$2,782.70","$2,889.30","$1,499.00","$1,293.70","$2,338.80","$2,515.70","$2,583.50","$2,596.30","$2,239.80","$1,417.75","$1,306.80","$2,105.00","$2,640.80","$2,551.10","$2,061.40","$2,709.40","$1,587.80","$1,460.45","$2,272.10","$2,159.46","$2,558.70","$2,419.85","$2,657.45","$1,622.95","$1,272.70","$2,748.50","$2,439.80","$2,313.60","$1,793.10","$1,841.52","$1,680.70","$1,319.30","$2,055.55","$2,487.04","$2,478.45","$2,622.30","$2,665.90","$1,506.10","$1,295.05","$1,562.34","$2,665.50","$2,719.65","$1,876.60","$2,253.70","$1,518.80","$1,180.80","$2,194.57","$2,440.90","$2,352.90","$2,586.80","$2,641.35","$1,418.80","$1,431.88","$1,500.70","$2,070.85","$2,477.95","$2,508.60","$2,172.40",$811.30,$643.00,"$1,476.10","$1,369.20","$2,017.70","$1,703.20","$1,009.50","$1,307.90","$1,466.00","$2,306.10","$2,652.70","$2,698.10","$2,367.80","$2,152.05",$919.00,"$1,144.43","$1,842.40","$1,765.79","$2,074.80","$2,274.70","$1,995.50",$932.10,"$1,025.20","$1,644.20","$1,691.20","$1,712.80","$2,203.35","$1,574.87","$1,280.40",$760.85,"$1,649.28","$1,804.10","$1,856.70","$2,742.60","$2,125.80","$1,704.30",$749.50,"$1,587.80","$1,510.40","$1,356.20","$1,543.40","$1,710.80","$1,265.25",$929.10,"$1,533.90","$2,059.60","$1,460.30","$2,089.81","$1,876.55",$939.25,$914.80,"$1,609.89","$1,503.20","$1,611.60","$1,825.26","$2,005.30","$1,008.86","$1,106.50","$1,309.20","$1,064.90","$1,717.40",$0.00,$962.50,$639.80,$643.20,"$1,535.70",$873.10,$955.40,"$1,532.40","$1,353.50","$1,193.10",$511.50,"$1,338.60","$1,418.70","$1,271.20","$1,015.20","$1,770.53","$1,008.70",$645.60,$918.50,"$1,439.20","$1,381.95","$1,057.30","$1,595.80","$1,097.10",$865.20,"$1,058.00",$902.70,"$1,076.60","$1,239.80","$1,045.40",$680.50,$495.89,$196.10,"$1,114.00","$1,270.60","$1,038.30","$1,538.50",$668.50,$751.60,$759.10,"$1,086.60","$1,134.45","$1,301.00","$1,394.97",$653.00,$561.20,"$1,204.95","$1,154.30","$1,681.00","$1,315.80","$1,565.40","$1,192.40",$794.80,$804.34,$697.10,$868.40,"$1,194.60","$1,137.40",$660.90,$559.10,"$1,098.20","$1,178.80","$1,142.40","$1,439.30","$1,293.20","$1,072.95",$635.85,"$1,205.10","$1,196.30","$1,464.95","$1,381.60","$1,542.70","$1,087.25",$859.35,"$1,479.40",$672.10,"$1,427.35","$1,751.60","$2,174.00","$1,098.35",$965.70,"$1,574.25",$702.00,"$1,254.20","$1,647.50","$1,792.15","$1,004.30",$650.25,"$1,178.80","$1,522.70","$1,746.40","$1,599.41","$1,696.50","$1,187.69","$1,211.05","$1,594.90","$1,931.50","$1,673.80","$1,664.30","$1,905.45",$964.50,"$2,034.70","$1,938.60","$1,195.05","$1,654.95","$1,899.30","$2,413.79",$819.60,$927.50,"$1,558.90","$2,495.30","$2,384.40","$3,041.70","$2,747.50","$1,359.70","$1,566.30","$1,703.20","$1,662.60","$1,739.20","$1,631.40","$1,598.69",$645.50,"$1,119.00","$1,655.95","$1,937.15","$1,704.40","$1,875.12","$2,633.05","$1,247.69","$1,088.59","$1,490.30","$1,265.80","$1,124.50","$1,585.40","$2,046.00","$1,385.05","$1,299.50","$2,115.65","$2,914.10","$2,434.70","$2,193.80","$1,998.20","$1,105.60","$1,662.10","$3,057.00","$2,743.00","$1,930.03","$1,616.80","$2,198.30","$1,499.80",$899.50,"$2,106.20","$1,999.00","$2,241.80","$2,158.35","$2,310.70","$1,569.06","$1,523.40","$3,234.65","$2,117.40","$2,837.10","$2,942.10","$2,503.25","$1,191.90",$0.00
Service Charges,$0.00,$0.00,$0.00,$0.00,$0.00,$0.00,$0.00,$0.00,$0.00,$0.00,$0.00,$0.00,$0.00,$0.00,$0.00,$0.00,$0.00,$0.00,$0.00,$0.00,$0.00,$0.00,$0.00,$0.00,$0.00,$0.00,$0.00,$0.00,$0.00,$0.00,$0.00,$0.00,$0.00,$0.00,$0.00,$0.00,$0.00,$0.00,$0.00,$0.00,$0.00,$0.00,$0.00,$0.00,$0.00,$0.00,$0.00,$0.00,$0.00,$0.00,$0.00,$0.00,$0.00,$0.00,$0.00,$0.00,$0.00,$0.00,$0.00,$0.00,$0.00,$0.00,$0.00,$0.00,$0.00,$0.00,$0.00,$0.00,$0.00,$0.00,$0.00,$0.00,$0.00,$0.00,$0.00,$0.00,$0.00,$0.00,$0.00,$0.00,$0.00,$0.00,$0.00,$0.00,$0.00,$0.00,$0.00,$0.00,$0.00,$0.00,$0.00,$0.00,$0.00,$0.00,$0.00,$0.00,$0.00,$0.00,$0.00,$0.00,$0.00,$0.00,$0.00,$0.00,$0.00,$0.00,$0.00,$0.00,$0.00,$0.00,$0.00,$0.00,$0.00,$0.00,$0.00,$0.00,$0.00,$0.00,$0.00,$0.00,$0.00,$0.00,$0.00,$0.00,$0.00,$0.00,$0.00,$0.00,$0.00,$0.00,$0.00,$0.00,$0.00,$0.00,$0.00,$0.00,$0.00,$0.00,$0.00,$0.00,$0.00,$0.00,$0.00,$0.00,$0.00,$0.00,$0.00,$0.00,$0.00,$0.00,$0.00,$0.00,$0.00,$0.00,$0.00,$0.00,$0.00,$0.00,$0.00,$0.00,$0.00,$0.00,$0.00,$0.00,$0.00,$0.00,$0.00,$0.00,$0.00,$0.00,$0.00,$0.00,$0.00,$0.00,$0.00,$0.00,$0.00,$0.00,$0.00,$0.00,$0.00,$0.00,$0.00,$0.00,$0.00,$0.00,$0.00,$0.00,$0.00,$0.00,$0.00,$0.00,$0.00,$0.00,$0.00,$0.00,$0.00,$0.00,$0.00,$0.00,$0.00,$0.00,$0.00,$0.00,$0.00,$0.00,$0.00,$0.00,$0.00,$0.00,$0.00,$0.00,$0.00,$0.00,$0.00,$0.00,$0.00,$0.00,$0.00,$0.00,$0.00,$0.00,$0.00,$0.00,$0.00,$0.00,$0.00,$0.00,$0.00,$0.00,$0.00,$0.00,$0.00,$0.00,$0.00,$0.00,$0.00,$0.00,$0.00,$0.00,$0.00,$0.00,$0.00,$0.00,$0.00,$0.00,$0.00,$0.00,$0.00,$0.00,$0.00,$0.00,$0.00,$0.00,$0.00,$0.00,$0.00,$0.00,$0.00,$0.00,$0.00,$0.00,$0.00,$0.00,$0.00,$0.00,$0.00,$0.00,$0.00,$0.00,$0.00,$0.00,$0.00,$0.00,$0.00,$0.00,$0.00,$0.00,$0.00,$0.00,$0.00,$0.00,$0.00,$0.00,$0.00,$0.00,$0.00,$0.00,$0.00,$0.00,$0.00,$0.00,$0.00,$0.00,$0.00,$0.00,$0.00,$0.00,$0.00,$0.00,$0.00,$0.00,$0.00,$0.00,$0.00,$0.00,$0.00,$0.00,$0.00,$0.00,$0.00,$0.00,$0.00,$0.00,$0.00,$0.00,$0.00,$0.00,$0.00,$0.00,$0.00,$0.00,$0.00,$0.00,$0.00,$0.00,$0.00,$0.00,$0.00,$0.00,$0.00,$0.00,$0.00,$0.00,$0.00,$0.00,$0.00,$0.00,$0.00,$0.00,$0.00,$0.00,$0.00,$0.00,$0.00,$0.00,$0.00,$0.00,$0.00,$0.00,$0.00,$0.00,$0.00,$0.00,$0.00,$0.00,$0.00,$0.00,$0.00,$0.00,$0.00,$0.00,$0.00,$0.00,$0.00,$0.00,$0.00,$0.00
Returns,$0.00,$0.00,$0.00,-$8.00,$0.00,$0.00,$0.00,$0.00,$0.00,-$8.71,$0.00,$0.00,$0.00,$0.00,$0.00,$0.00,$0.00,$0.00,$0.00,$0.00,$0.00,$0.00,-$7.00,$0.00,$0.00,$0.00,$0.00,-$7.00,$0.00,$0.00,$0.00,$0.00,-$10.00,-$16.00,$0.00,$0.00,-$21.50,$0.00,$0.00,$0.00,-$23.00,$0.00,$0.00,$0.00,-$10.00,$0.00,$0.00,$0.00,-$1.50,-$7.00,$0.00,-$15.00,$0.00,$0.00,$0.00,$0.00,$0.00,-$7.00,$0.00,$0.00,$0.00,$0.00,-$16.00,$0.00,$0.00,$0.00,$0.00,$0.00,-$13.53,$0.00,-$1.00,$0.00,$0.00,$0.00,$0.00,$0.00,-$17.00,-$8.00,$0.00,$0.00,$0.00,$0.00,-$14.00,$0.00,$0.00,-$19.50,$0.00,$0.00,-$8.00,$0.00,-$26.00,$0.00,$0.00,$0.00,$0.00,$0.00,$0.00,-$22.00,$0.00,$0.00,$0.00,$0.00,-$6.00,$0.00,$0.00,$0.00,-$7.00,$0.00,$0.00,-$6.00,$0.00,$0.00,$0.00,-$20.00,$0.00,$0.00,$0.00,-$31.00,-$7.00,$0.00,$0.00,$0.00,-$1.50,$0.00,$0.00,$0.00,$0.00,$0.00,$0.00,$0.00,$0.00,$0.00,$0.00,$0.00,-$10.00,$0.00,$0.00,$0.00,$0.00,-$28.00,$0.00,-$8.00,$0.00,$0.00,$0.00,$0.00,-$7.00,$0.00,$0.00,$0.00,$0.00,$0.00,-$3.00,$0.00,$0.00,$0.00,$0.00,$0.00,$0.00,$0.00,$0.00,$0.00,-$12.50,$0.00,$0.00,$0.00,-$16.50,$0.00,$0.00,$0.00,$0.00,$0.00,-$20.00,-$16.00,$0.00,$0.00,$0.00,-$19.00,$0.00,$0.00,$0.00,$0.00,$0.00,$0.00,$0.00,$0.00,$0.00,-$11.00,$0.00,$0.00,-$7.00,$0.00,-$6.50,$0.00,$0.00,$0.00,$0.00,$0.00,$0.00,-$7.50,$0.00,$0.00,-$8.00,$0.00,$0.00,$0.00,$0.00,$0.00,-$6.00,$0.00,$0.00,$0.00,$0.00,$0.00,$0.00,$0.00,$0.00,$0.00,$0.00,$0.00,$0.00,$0.00,$0.00,$0.00,$0.00,$0.00,$0.00,$0.00,$0.00,$0.00,$0.00,-$11.00,-$9.00,$0.00,$0.00,$0.00,$0.00,$0.00,$0.00,-$6.00,$0.00,$0.00,-$9.00,$0.00,-$8.50,$0.00,$0.00,$0.00,$0.00,$0.00,$0.00,$0.00,$0.00,$0.00,$0.00,$0.00,$0.00,$0.00,$0.00,-$7.00,$0.00,$0.00,$0.00,$0.00,$0.00,-$14.00,-$22.00,$0.00,$0.00,$0.00,$0.00,-$14.00,$0.00,$0.00,$0.00,$0.00,$0.00,$0.00,-$6.00,$0.00,$0.00,$0.00,$0.00,$0.00,-$8.00,$0.00,$0.00,$0.00,-$9.00,-$9.00,$0.00,$0.00,$0.00,-$18.00,$0.00,$0.00,$0.00,$0.00,$0.00,$0.00,-$6.60,$0.00,$0.00,$0.00,-$19.00,$0.00,$0.00,-$46.00,$0.00,-$17.00,$0.00,$0.00,$0.00,$0.00,$0.00,$0.00,$0.00,$0.00,-$8.00,$0.00,-$10.00,$0.00,$0.00,$0.00,-$5.00,$0.00,$0.00,$0.00,$0.00,-$13.00,$0.00,$0.00,$0.00,-$8.00,-$8.50,$0.00,$0.00,-$9.50,$0.00,$0.00,-$9.00,$0.00,-$8.50,$0.00,$0.00,$0.00,$0.00,-$8.00,$0.00,$0.00,$0.00,$0.00,$0.00,$0.00,$0.00,$0.00,$0.00,$0.00,$0.00,$0.00,$0.00,$0.00,$0.00,$0.00,-$30.00,-$12.50,$0.00,$0.00
Discounts & Comps,$0.00,$0.00,$0.00,$0.00,$0.00,$0.00,$0.00,$0.00,$0.00,$0.00,$0.00,$0.00,$0.00,$0.00,$0.00,$0.00,$0.00,$0.00,$0.00,$0.00,$0.00,$0.00,$0.00,$0.00,$0.00,$0.00,$0.00,$0.00,$0.00,$0.00,$0.00,$0.00,$0.00,$0.00,$0.00,$0.00,$0.00,$0.00,$0.00,$0.00,$0.00,$0.00,$0.00,$0.00,$0.00,$0.00,$0.00,$0.00,$0.00,$0.00,$0.00,$0.00,$0.00,$0.00,$0.00,$0.00,$0.00,$0.00,$0.00,$0.00,$0.00,$0.00,$0.00,$0.00,$0.00,$0.00,$0.00,$0.00,$0.00,$0.00,$0.00,$0.00,$0.00,$0.00,$0.00,$0.00,$0.00,$0.00,$0.00,$0.00,$0.00,$0.00,$0.00,$0.00,$0.00,$0.00,$0.00,$0.00,$0.00,$0.00,$0.00,$0.00,$0.00,$0.00,$0.00,$0.00,$0.00,$0.00,$0.00,$0.00,$0.00,$0.00,$0.00,$0.00,$0.00,$0.00,$0.00,$0.00,$0.00,$0.00,$0.00,$0.00,$0.00,$0.00,$0.00,$0.00,$0.00,$0.00,$0.00,$0.00,$0.00,$0.00,$0.00,$0.00,$0.00,$0.00,$0.00,$0.00,$0.00,$0.00,$0.00,$0.00,$0.00,$0.00,$0.00,$0.00,$0.00,$0.00,$0.00,$0.00,$0.00,$0.00,$0.00,$0.00,$0.00,$0.00,$0.00,$0.00,$0.00,$0.00,$0.00,$0.00,$0.00,$0.00,$0.00,$0.00,$0.00,$0.00,$0.00,$0.00,$0.00,$0.00,$0.00,$0.00,$0.00,$0.00,$0.00,$0.00,$0.00,$0.00,$0.00,$0.00,$0.00,$0.00,$0.00,$0.00,$0.00,$0.00,$0.00,$0.00,$0.00,$0.00,$0.00,$0.00,$0.00,$0.00,$0.00,$0.00,$0.00,$0.00,$0.00,$0.00,$0.00,$0.00,$0.00,$0.00,$0.00,$0.00,$0.00,$0.00,$0.00,$0.00,$0.00,$0.00,$0.00,$0.00,$0.00,$0.00,$0.00,$0.00,$0.00,$0.00,$0.00,$0.00,$0.00,$0.00,$0.00,$0.00,$0.00,$0.00,$0.00,$0.00,$0.00,$0.00,$0.00,$0.00,$0.00,$0.00,$0.00,$0.00,$0.00,$0.00,$0.00,$0.00,$0.00,$0.00,$0.00,$0.00,$0.00,$0.00,$0.00,$0.00,$0.00,$0.00,$0.00,$0.00,$0.00,$0.00,$0.00,$0.00,$0.00,$0.00,$0.00,$0.00,$0.00,$0.00,$0.00,$0.00,$0.00,$0.00,$0.00,$0.00,$0.00,$0.00,$0.00,$0.00,$0.00,$0.00,$0.00,$0.00,$0.00,$0.00,$0.00,$0.00,$0.00,$0.00,$0.00,$0.00,$0.00,$0.00,$0.00,$0.00,$0.00,$0.00,$0.00,$0.00,$0.00,$0.00,$0.00,$0.00,$0.00,$0.00,$0.00,$0.00,$0.00,$0.00,$0.00,$0.00,$0.00,$0.00,$0.00,$0.00,$0.00,$0.00,$0.00,$0.00,$0.00,$0.00,$0.00,$0.00,$0.00,$0.00,$0.00,$0.00,$0.00,$0.00,$0.00,$0.00,$0.00,$0.00,$0.00,$0.00,$0.00,$0.00,$0.00,$0.00,$0.00,$0.00,$0.00,$0.00,$0.00,$0.00,$0.00,$0.00,$0.00,$0.00,$0.00,$0.00,$0.00,$0.00,$0.00,$0.00,$0.00,$0.00,$0.00,$0.00,$0.00,$0.00,$0.00,$0.00,$0.00,$0.00,$0.00,$0.00,$0.00,$0.00,$0.00,$0.00,$0.00,$0.00,$0.00,$0.00,$0.00,$0.00,$0.00,$0.00,$0.00,$0.00
Net Sales,"$2,099.80","$2,331.30","$1,774.80","$1,765.20","$2,679.70","$2,178.70","$2,705.40","$2,969.80","$3,433.60","$1,581.20","$1,197.20","$2,485.40","$3,046.30","$2,576.75","$2,448.15","$2,556.53",$927.80,"$1,461.60","$2,360.00","$2,389.30","$2,857.85","$2,528.55","$3,161.20","$1,502.80","$1,242.10","$1,647.80","$2,407.97","$2,604.30","$2,857.65","$2,891.35",$945.95,"$1,409.40","$2,340.80","$2,352.10","$2,184.20","$2,317.50","$2,578.90","$1,452.10","$1,529.10","$2,078.50","$2,579.55","$2,152.30","$2,482.90","$2,158.40","$1,404.80","$1,181.20","$2,458.40","$2,000.60","$2,063.90","$2,060.80","$1,889.80","$1,431.00","$1,389.60","$2,317.20","$2,246.30","$2,509.40","$2,834.60","$2,729.70","$1,227.60",$987.35,"$2,394.10",$658.10,"$2,950.10","$2,970.80","$2,642.85","$1,265.40","$1,326.80","$2,616.42","$2,095.45","$2,784.50","$2,903.56","$2,204.90","$1,527.30",$771.80,"$2,568.70","$2,155.55","$2,339.40","$2,813.60","$2,790.20","$1,531.00","$1,205.70","$2,470.10","$2,294.85","$2,755.00","$2,782.70","$2,869.80","$1,499.00","$1,293.70","$2,330.80","$2,515.70","$2,557.50","$2,596.30","$2,239.80","$1,417.75","$1,306.80","$2,105.00","$2,640.80","$2,529.10","$2,061.40","$2,709.40","$1,587.80","$1,460.45","$2,266.10","$2,159.46","$2,558.70","$2,419.85","$2,650.45","$1,622.95","$1,272.70","$2,742.50","$2,439.80","$2,313.60","$1,793.10","$1,821.52","$1,680.70","$1,319.30","$2,055.55","$2,456.04","$2,471.45","$2,622.30","$2,665.90","$1,506.10","$1,293.55","$1,562.34","$2,665.50","$2,719.65","$1,876.60","$2,253.70","$1,518.80","$1,180.80","$2,194.57","$2,440.90","$2,352.90","$2,586.80","$2,631.35","$1,418.80","$1,431.88","$1,500.70","$2,070.85","$2,449.95","$2,508.60","$2,164.40",$811.30,$643.00,"$1,476.10","$1,369.20","$2,010.70","$1,703.20","$1,009.50","$1,307.90","$1,466.00","$2,306.10","$2,649.70","$2,698.10","$2,367.80","$2,152.05",$919.00,"$1,144.43","$1,842.40","$1,765.79","$2,074.80","$2,274.70","$1,983.00",$932.10,"$1,025.20","$1,644.20","$1,674.70","$1,712.80","$2,203.35","$1,574.87","$1,280.40",$760.85,"$1,629.28","$1,788.10","$1,856.70","$2,742.60","$2,125.80","$1,685.30",$749.50,"$1,587.80","$1,510.40","$1,356.20","$1,543.40","$1,710.80","$1,265.25",$929.10,"$1,533.90","$2,048.60","$1,460.30","$2,089.81","$1,869.55",$939.25,$908.30,"$1,609.89","$1,503.20","$1,611.60","$1,825.26","$2,005.30","$1,008.86","$1,099.00","$1,309.20","$1,064.90","$1,709.40",$0.00,$962.50,$639.80,$643.20,"$1,535.70",$867.10,$955.40,"$1,532.40","$1,353.50","$1,193.10",$511.50,"$1,338.60","$1,418.70","$1,271.20","$1,015.20","$1,770.53","$1,008.70",$645.60,$918.50,"$1,439.20","$1,381.95","$1,057.30","$1,595.80","$1,097.10",$865.20,"$1,058.00",$902.70,"$1,076.60","$1,228.80","$1,036.40",$680.50,$495.89,$196.10,"$1,114.00","$1,270.60","$1,038.30","$1,532.50",$668.50,$751.60,$750.10,"$1,086.60","$1,125.95","$1,301.00","$1,394.97",$653.00,$561.20,"$1,204.95","$1,154.30","$1,681.00","$1,315.80","$1,565.40","$1,192.40",$794.80,$804.34,$697.10,$868.40,"$1,187.60","$1,137.40",$660.90,$559.10,"$1,098.20","$1,178.80","$1,128.40","$1,417.30","$1,293.20","$1,072.95",$635.85,"$1,205.10","$1,182.30","$1,464.95","$1,381.60","$1,542.70","$1,087.25",$859.35,"$1,479.40",$666.10,"$1,427.35","$1,751.60","$2,174.00","$1,098.35",$965.70,"$1,566.25",$702.00,"$1,254.20","$1,647.50","$1,783.15",$995.30,$650.25,"$1,178.80","$1,522.70","$1,728.40","$1,599.41","$1,696.50","$1,187.69","$1,211.05","$1,594.90","$1,931.50","$1,667.20","$1,664.30","$1,905.45",$964.50,"$2,015.70","$1,938.60","$1,195.05","$1,608.95","$1,899.30","$2,396.79",$819.60,$927.50,"$1,558.90","$2,495.30","$2,384.40","$3,041.70","$2,747.50","$1,359.70","$1,558.30","$1,703.20","$1,652.60","$1,739.20","$1,631.40","$1,598.69",$640.50,"$1,119.00","$1,655.95","$1,937.15","$1,704.40","$1,862.12","$2,633.05","$1,247.69","$1,088.59","$1,482.30","$1,257.30","$1,124.50","$1,585.40","$2,036.50","$1,385.05","$1,299.50","$2,106.65","$2,914.10","$2,426.20","$2,193.80","$1,998.20","$1,105.60","$1,662.10","$3,049.00","$2,743.00","$1,930.03","$1,616.80","$2,198.30","$1,499.80",$899.50,"$2,106.20","$1,999.00","$2,241.80","$2,158.35","$2,310.70","$1,569.06","$1,523.40","$3,234.65","$2,117.40","$2,837.10","$2,912.10","$2,490.75","$1,191.90",$0.00
Gift Card Sales,$0.00,$0.00,$0.00,$0.00,$0.00,$0.00,$0.00,$0.00,$0.00,$0.00,$0.00,$0.00,$0.00,$0.00,$0.00,$0.00,$0.00,$0.00,$0.00,$0.00,$0.00,$0.00,$0.00,$0.00,$0.00,$0.00,$0.00,$0.00,$0.00,$0.00,$0.00,$0.00,$0.00,$0.00,$0.00,$0.00,$0.00,$0.00,$0.00,$0.00,$0.00,$0.00,$0.00,$0.00,$0.00,$0.00,$0.00,$0.00,$0.00,$0.00,$0.00,$0.00,$0.00,$0.00,$0.00,$0.00,$0.00,$0.00,$0.00,$0.00,$0.00,$0.00,$0.00,$0.00,$0.00,$0.00,$0.00,$0.00,$0.00,$0.00,$0.00,$0.00,$0.00,$0.00,$0.00,$0.00,$0.00,$0.00,$0.00,$0.00,$0.00,$0.00,$0.00,$0.00,$0.00,$0.00,$0.00,$0.00,$0.00,$0.00,$0.00,$0.00,$0.00,$0.00,$0.00,$0.00,$0.00,$0.00,$0.00,$0.00,$0.00,$0.00,$0.00,$0.00,$0.00,$0.00,$0.00,$0.00,$0.00,$0.00,$0.00,$0.00,$0.00,$0.00,$0.00,$0.00,$0.00,$0.00,$0.00,$0.00,$0.00,$0.00,$0.00,$0.00,$0.00,$0.00,$0.00,$0.00,$0.00,$0.00,$0.00,$0.00,$0.00,$0.00,$0.00,$0.00,$0.00,$0.00,$0.00,$0.00,$0.00,$0.00,$0.00,$0.00,$0.00,$0.00,$0.00,$0.00,$0.00,$0.00,$0.00,$0.00,$0.00,$0.00,$0.00,$0.00,$0.00,$0.00,$0.00,$0.00,$0.00,$0.00,$0.00,$0.00,$0.00,$0.00,$0.00,$0.00,$0.00,$0.00,$0.00,$0.00,$0.00,$0.00,$0.00,$0.00,$0.00,$0.00,$0.00,$0.00,$0.00,$0.00,$0.00,$0.00,$0.00,$0.00,$0.00,$0.00,$0.00,$0.00,$0.00,$0.00,$0.00,$0.00,$0.00,$0.00,$0.00,$0.00,$0.00,$0.00,$0.00,$0.00,$0.00,$0.00,$0.00,$0.00,$0.00,$0.00,$0.00,$0.00,$0.00,$0.00,$0.00,$0.00,$0.00,$0.00,$0.00,$0.00,$0.00,$0.00,$0.00,$0.00,$0.00,$0.00,$0.00,$0.00,$0.00,$0.00,$0.00,$0.00,$0.00,$0.00,$0.00,$0.00,$0.00,$0.00,$0.00,$0.00,$0.00,$0.00,$0.00,$0.00,$0.00,$0.00,$0.00,$0.00,$0.00,$0.00,$0.00,$0.00,$0.00,$0.00,$0.00,$0.00,$0.00,$0.00,$0.00,$0.00,$0.00,$0.00,$0.00,$0.00,$0.00,$0.00,$0.00,$0.00,$0.00,$0.00,$0.00,$0.00,$0.00,$0.00,$0.00,$0.00,$0.00,$0.00,$0.00,$0.00,$0.00,$0.00,$0.00,$0.00,$0.00,$0.00,$0.00,$0.00,$0.00,$0.00,$0.00,$0.00,$0.00,$0.00,$0.00,$0.00,$0.00,$0.00,$0.00,$0.00,$0.00,$0.00,$0.00,$0.00,$0.00,$0.00,$0.00,$0.00,$0.00,$0.00,$0.00,$0.00,$0.00,$0.00,$0.00,$0.00,$0.00,$0.00,$0.00,$0.00,$0.00,$0.00,$0.00,$0.00,$0.00,$0.00,$0.00,$0.00,$0.00,$0.00,$0.00,$0.00,$0.00,$0.00,$0.00,$0.00,$0.00,$0.00,$0.00,$0.00,$0.00,$0.00,$0.00,$0.00,$0.00,$0.00,$0.00,$0.00,$0.00,$0.00,$0.00,$0.00,$0.00,$0.00,$0.00,$0.00,$0.00,$0.00,$0.00,$0.00,$0.00,$0.00,$0.00,$0.00,$0.00,$0.00,$0.00,$0.00,$0.00,$0.00
Tax,$183.68,$204.31,$157.88,$155.73,$227.58,$188.00,$238.06,$262.17,$302.26,$138.75,$106.50,$218.56,$270.26,$227.93,$213.65,$222.03,$82.53,$130.03,$208.65,$211.28,$251.61,$222.32,$280.55,$129.93,$110.47,$145.98,$211.45,$229.66,$251.65,$253.42,$82.30,$125.40,$206.95,$207.34,$193.57,$202.99,$227.46,$128.56,$134.79,$184.25,$224.51,$188.21,$218.39,$188.26,$123.74,$104.44,$216.75,$177.28,$179.80,$178.75,$166.24,$126.06,$123.56,$201.12,$196.71,$220.65,$250.29,$242.10,$108.59,$86.56,$211.62,$57.94,$257.39,$262.30,$231.91,$112.53,$116.76,$230.69,$182.66,$245.13,$255.71,$192.98,$133.42,$68.07,$227.83,$190.54,$203.76,$249.62,$243.19,$130.60,$107.23,$215.28,$202.91,$242.52,$243.42,$245.47,$132.08,$115.08,$204.96,$219.39,$224.98,$227.73,$197.32,$123.65,$116.29,$185.93,$228.30,$223.08,$179.69,$240.45,$140.65,$127.43,$200.13,$191.10,$225.08,$212.67,$233.18,$141.62,$113.19,$242.02,$214.50,$204.44,$158.24,$158.89,$143.27,$117.34,$180.94,$214.24,$218.11,$232.58,$233.37,$130.88,$113.84,$136.67,$236.44,$237.49,$165.63,$198.49,$132.65,$104.45,$191.12,$213.98,$206.13,$228.21,$232.81,$125.58,$126.19,$130.34,$182.91,$214.77,$219.39,$188.18,$71.54,$57.22,$128.22,$121.78,$177.58,$150.88,$89.15,$114.49,$129.79,$202.55,$233.15,$238.65,$206.25,$185.79,$79.26,$99.57,$163.25,$154.77,$183.88,$200.51,$174.54,$81.03,$90.55,$141.20,$145.86,$150.44,$193.42,$138.53,$111.42,$67.68,$142.82,$158.41,$163.29,$234.68,$184.06,$148.08,$65.44,$141.22,$130.93,$118.75,$136.07,$149.68,$111.32,$82.71,$135.76,$179.08,$128.04,$184.59,$163.66,$82.32,$79.56,$141.56,$132.45,$142.08,$157.18,$174.12,$89.77,$95.29,$114.58,$91.59,$150.15,$0.00,$84.36,$56.92,$56.58,$133.43,$76.53,$83.74,$135.04,$118.50,$103.61,$43.62,$117.80,$125.56,$113.09,$89.08,$152.31,$89.72,$56.85,$80.48,$126.73,$122.24,$93.40,$140.72,$95.71,$76.37,$92.84,$79.00,$95.15,$108.67,$86.43,$60.54,$44.10,$17.43,$98.48,$111.78,$91.72,$135.66,$58.84,$66.24,$66.74,$96.61,$98.27,$113.22,$122.60,$58.09,$49.90,$106.55,$100.69,$148.29,$116.31,$135.48,$104.17,$70.74,$68.34,$60.75,$76.60,$103.76,$99.32,$57.56,$48.50,$92.87,$101.65,$100.37,$124.79,$110.66,$94.87,$56.56,$106.58,$103.90,$127.80,$121.00,$134.08,$93.58,$75.21,$130.97,$57.34,$125.08,$154.55,$187.09,$95.83,$83.40,$134.31,$61.23,$109.68,$145.28,$152.98,$88.57,$57.86,$104.87,$132.95,$150.60,$139.19,$147.73,$102.97,$106.43,$138.17,$169.31,$146.43,$144.93,$168.18,$85.21,$179.30,$171.17,$105.68,$142.49,$167.63,$209.44,$72.91,$81.25,$135.52,$209.29,$210.23,$267.39,$243.13,$115.37,$135.40,$148.40,$142.66,$153.43,$137.02,$140.97,$56.38,$98.93,$146.04,$169.81,$149.76,$160.90,$228.56,$109.14,$93.12,$128.14,$108.71,$97.10,$137.91,$177.38,$122.61,$114.37,$184.84,$255.84,$212.05,$190.13,$175.24,$96.94,$146.60,$266.86,$240.24,$169.41,$141.31,$193.72,$133.45,$79.41,$184.83,$176.60,$195.06,$188.82,$201.75,$136.89,$134.23,$284.54,$183.95,$245.34,$251.55,$215.98,$102.91,$0.00
Tip,$84.29,$94.64,$74.87,$73.11,$104.30,$90.79,$94.66,$110.60,$106.66,$61.86,$34.72,$99.34,$119.07,$84.22,$80.08,$97.14,$31.60,$66.78,$88.76,$77.90,$106.21,$87.34,$125.29,$62.34,$52.93,$65.51,$85.77,$97.18,$104.20,$128.85,$28.98,$51.53,$85.14,$80.14,$92.02,$90.95,$87.24,$61.09,$62.47,$75.85,$80.75,$76.23,$87.12,$72.32,$50.73,$52.10,$93.62,$59.90,$76.64,$65.22,$68.48,$55.72,$49.87,$90.59,$89.93,$94.89,$96.65,$97.36,$45.24,$36.74,$80.20,$24.24,$118.71,$97.27,$81.08,$30.78,$47.01,$113.90,$73.81,$86.07,$111.89,$77.82,$57.21,$28.33,$100.17,$83.13,$86.02,$102.05,$98.62,$40.07,$33.78,$103.06,$94.68,$94.39,$104.54,$110.54,$58.07,$51.98,$88.26,$83.65,$94.72,$82.04,$71.35,$54.80,$63.03,$70.22,$95.32,$100.73,$73.52,$96.70,$67.12,$57.09,$83.28,$80.49,$100.01,$80.66,$78.95,$52.12,$57.45,$105.91,$74.24,$66.39,$71.95,$83.00,$56.69,$46.15,$79.48,$93.08,$82.93,$91.97,$89.38,$66.37,$41.06,$63.30,$101.33,$94.93,$68.67,$75.78,$64.77,$44.23,$84.97,$98.05,$82.63,$85.28,$91.11,$48.18,$60.15,$53.94,$76.95,$95.11,$82.55,$70.92,$23.80,$23.44,$67.82,$51.85,$64.82,$67.76,$31.24,$44.77,$62.77,$95.95,$128.60,$103.98,$82.96,$77.55,$35.67,$35.93,$77.68,$73.25,$79.68,$72.04,$59.29,$28.02,$41.11,$67.40,$65.05,$44.35,$79.25,$55.64,$47.06,$28.47,$59.78,$64.63,$63.87,$94.11,$72.77,$74.91,$25.19,$75.89,$62.45,$59.68,$56.47,$71.62,$43.32,$37.52,$69.45,$72.17,$55.00,$75.63,$80.55,$29.62,$32.15,$63.15,$57.70,$64.11,$83.91,$69.49,$37.68,$51.21,$53.02,$41.14,$75.99,$0.00,$50.28,$17.27,$30.43,$58.68,$31.29,$32.95,$66.42,$51.04,$50.28,$21.65,$46.78,$35.77,$45.78,$32.98,$74.22,$41.50,$24.17,$32.09,$51.58,$52.43,$42.03,$51.54,$41.08,$42.15,$32.99,$33.26,$37.49,$48.70,$33.77,$21.30,$15.81,$6.15,$44.10,$35.63,$41.25,$55.37,$22.62,$28.87,$27.66,$30.34,$36.21,$36.75,$54.05,$20.02,$27.29,$50.99,$43.51,$67.88,$55.44,$47.23,$51.81,$31.46,$26.33,$26.08,$38.36,$45.10,$43.90,$32.33,$23.69,$39.58,$40.22,$40.49,$51.76,$41.60,$33.77,$24.20,$45.82,$44.52,$52.33,$60.90,$62.46,$43.82,$32.36,$52.98,$17.35,$40.10,$61.83,$83.83,$52.94,$39.28,$57.50,$23.07,$44.04,$64.22,$63.02,$46.28,$19.23,$45.21,$53.02,$56.17,$77.40,$59.00,$35.47,$42.10,$45.50,$79.26,$53.37,$64.57,$64.18,$35.21,$69.44,$64.81,$53.30,$56.10,$68.47,$100.05,$27.21,$35.87,$53.98,$80.81,$73.37,$98.45,$94.24,$49.93,$61.16,$58.62,$56.45,$66.17,$73.81,$63.58,$25.38,$47.64,$60.81,$63.79,$76.14,$73.55,$88.55,$47.71,$46.68,$53.79,$49.61,$42.67,$60.84,$74.56,$55.29,$54.01,$81.31,$105.12,$87.50,$103.11,$87.78,$45.57,$68.07,$111.45,$113.67,$68.03,$67.79,$79.59,$50.37,$34.22,$73.39,$77.82,$79.74,$75.03,$75.82,$49.59,$56.13,$121.03,$69.97,$119.26,$97.83,$93.20,$63.33,$0.00
Refunds by Amount,$0.00,$0.00,$0.00,$0.00,$0.00,$0.00,$0.00,$0.00,$0.00,$0.00,$0.00,$0.00,$0.00,$0.00,$0.00,$0.00,$0.00,$0.00,$0.00,$0.00,$0.00,$0.00,$0.00,-$7.62,$0.00,$0.00,$0.00,-$7.26,$0.00,-$31.03,$0.00,$0.00,$0.00,$0.00,$0.00,$0.00,$0.00,$0.00,$0.00,$0.00,$0.00,$0.00,$0.00,$0.00,$0.00,$0.00,$0.00,$0.00,$0.00,$0.00,$0.00,$0.00,$0.00,$0.00,$0.00,$0.00,-$9.80,$0.00,$0.00,$0.00,$0.00,$0.00,$0.00,$0.00,$0.00,$0.00,$0.00,$0.00,$0.00,$0.00,$0.00,$0.00,$0.00,$0.00,$0.00,$0.00,$0.00,$0.00,$0.00,$0.00,$0.00,$0.00,$0.00,$0.00,-$11.89,-$13.07,$0.00,$0.00,$0.00,$0.00,$0.00,$0.00,$0.00,-$5.00,$0.00,$0.00,$0.00,$0.00,$0.00,$0.00,$0.00,$0.00,-$2.18,$0.00,$0.00,$0.00,$0.00,$0.00,$0.00,$0.00,$0.00,$0.00,$0.00,$0.00,$0.00,$0.00,$0.00,$0.00,$0.00,$0.00,$0.00,$0.00,$0.00,$0.00,$0.00,$0.00,-$6.54,$0.00,$0.00,$0.00,$0.00,$0.00,$0.00,$0.00,$0.00,$0.00,$0.00,$0.00,$0.00,$0.00,$0.00,$0.00,$0.00,$0.00,$0.00,$0.00,$0.00,$0.00,$0.00,$0.00,$0.00,$0.00,-$30.01,$0.00,$0.00,$0.00,$0.00,$0.00,$0.00,$0.00,$0.00,$0.00,$0.00,$0.00,$0.00,$0.00,$0.00,$0.00,$0.00,$0.00,$0.00,$0.00,$0.00,$0.00,-$7.62,$0.00,$0.00,$0.00,$0.00,$0.00,$0.00,$0.00,$0.00,$0.00,$0.00,$0.00,$0.00,$0.00,$0.00,$0.00,$0.00,$0.00,$0.00,$0.00,$0.00,$0.00,$0.00,$0.00,$0.00,$0.00,$0.00,$0.00,$0.00,$0.00,$0.00,$0.00,$0.00,$0.00,$0.00,$0.00,$0.00,$0.00,$0.00,$0.00,$0.00,$0.00,$0.00,$0.00,$0.00,$0.00,$0.00,$0.00,$0.00,$0.00,$0.00,$0.00,$0.00,$0.00,$0.00,$0.00,$0.00,$0.00,$0.00,$0.00,$0.00,$0.00,$0.00,$0.00,$0.00,$0.00,$0.00,$0.00,$0.00,$0.00,$0.00,$0.00,-$1.00,$0.00,$0.00,$0.00,$0.00,$0.00,$0.00,$0.00,$0.00,$0.00,$0.00,$0.00,$0.00,$0.00,$0.00,$0.00,$0.00,$0.00,$0.00,$0.00,$0.00,$0.00,$0.00,$0.00,$0.00,$0.00,$0.00,$0.00,$0.00,$0.00,$0.00,$0.00,$0.00,$0.00,$0.00,$0.00,$0.00,$0.00,$0.00,$0.00,$0.00,$0.00,$0.00,$0.00,$0.00,$0.00,$0.00,$0.00,$0.00,$0.00,$0.00,$0.00,$0.00,$0.00,$0.00,$0.00,$0.00,$0.00,$0.00,$0.00,$0.00,$0.00,$0.00,$0.00,$0.00,$0.00,$0.00,$0.00,$0.00,$0.00,$0.00,$0.00,$0.00,$0.00,$0.00,$0.00,-$2.00,$0.00,$0.00,$0.00,$0.00,$0.00,$0.00,$0.00,$0.00,$0.00,$0.00,$0.00,$0.00,$0.00,$0.00,$0.00,$0.00,$0.00,$0.00,$0.00,$0.00,$0.00,-$4.50,$0.00,$0.00,$0.00,$0.00,$0.00,$0.00,$0.00,$0.00,$0.00,$0.00,$0.00,$0.00,$0.00,$0.00,$0.00,$0.00,$0.00,$0.00,$0.00,$0.00,$0.00,$0.00,$0.00
Total,"$2,367.77","$2,630.25","$2,007.55","$1,994.04","$3,011.58","$2,457.49","$3,038.12","$3,342.57","$3,842.52","$1,781.81","$1,338.42","$2,803.30","$3,435.63","$2,888.90","$2,741.88","$2,875.70","$1,041.93","$1,658.41","$2,657.41","$2,678.48","$3,215.67","$2,838.21","$3,567.04","$1,687.45","$1,405.50","$1,859.29","$2,705.19","$2,923.88","$3,213.50","$3,242.59","$1,057.23","$1,586.33","$2,632.89","$2,639.58","$2,469.79","$2,611.44","$2,893.60","$1,641.75","$1,726.36","$2,338.60","$2,884.81","$2,416.74","$2,788.41","$2,418.98","$1,579.27","$1,337.74","$2,768.77","$2,237.78","$2,320.34","$2,304.77","$2,124.52","$1,612.78","$1,563.03","$2,608.91","$2,532.94","$2,824.94","$3,171.74","$3,069.16","$1,381.43","$1,110.65","$2,685.92",$740.28,"$3,326.20","$3,330.37","$2,955.84","$1,408.71","$1,490.57","$2,961.01","$2,351.92","$3,115.70","$3,271.16","$2,475.70","$1,717.93",$868.20,"$2,896.70","$2,429.22","$2,629.18","$3,165.27","$3,132.01","$1,701.67","$1,346.71","$2,788.44","$2,592.44","$3,091.91","$3,118.77","$3,212.74","$1,689.15","$1,460.76","$2,624.02","$2,818.74","$2,877.20","$2,906.07","$2,508.47","$1,591.20","$1,486.12","$2,361.15","$2,964.42","$2,852.91","$2,314.61","$3,046.55","$1,795.57","$1,644.97","$2,547.33","$2,431.05","$2,883.79","$2,713.18","$2,962.58","$1,816.69","$1,443.34","$3,090.43","$2,728.54","$2,584.43","$2,023.29","$2,063.41","$1,880.66","$1,482.79","$2,315.97","$2,763.36","$2,772.49","$2,946.85","$2,988.65","$1,703.35","$1,448.45","$1,762.31","$3,003.27","$3,052.07","$2,104.36","$2,527.97","$1,716.22","$1,329.48","$2,470.66","$2,752.93","$2,641.66","$2,900.29","$2,955.27","$1,592.56","$1,618.22","$1,684.98","$2,330.71","$2,759.83","$2,810.54","$2,423.50",$906.64,$723.66,"$1,672.14","$1,542.83","$2,253.10","$1,921.84","$1,129.89","$1,467.16","$1,658.56","$2,604.60","$2,981.44","$3,040.73","$2,657.01","$2,415.39","$1,033.93","$1,279.93","$2,083.33","$1,993.81","$2,338.36","$2,547.25","$2,216.83","$1,041.15","$1,156.86","$1,852.80","$1,885.61","$1,907.59","$2,476.02","$1,769.04","$1,438.88",$857.00,"$1,831.88","$2,011.14","$2,076.24","$3,071.39","$2,382.63","$1,908.29",$840.13,"$1,804.91","$1,703.78","$1,534.63","$1,735.94","$1,932.10","$1,419.89","$1,049.33","$1,739.11","$2,299.85","$1,643.34","$2,350.03","$2,113.76","$1,051.19","$1,020.01","$1,814.60","$1,693.35","$1,817.79","$2,066.35","$2,248.91","$1,136.31","$1,245.50","$1,476.80","$1,197.63","$1,935.54",$0.00,"$1,097.14",$713.99,$730.21,"$1,727.81",$974.92,"$1,072.09","$1,733.86","$1,523.04","$1,346.99",$576.77,"$1,503.18","$1,580.03","$1,430.07","$1,137.26","$1,997.06","$1,139.92",$726.62,"$1,031.07","$1,617.51","$1,556.62","$1,192.73","$1,788.06","$1,233.89",$983.72,"$1,183.83","$1,014.96","$1,209.24","$1,386.17","$1,156.60",$762.34,$555.80,$219.68,"$1,256.58","$1,418.01","$1,171.27","$1,723.53",$749.96,$846.71,$844.50,"$1,213.55","$1,260.43","$1,450.97","$1,570.62",$731.11,$638.39,"$1,362.49","$1,298.50","$1,897.17","$1,487.55","$1,748.11","$1,348.38",$897.00,$899.01,$783.93,$983.36,"$1,336.46","$1,280.62",$750.79,$631.29,"$1,230.65","$1,320.67","$1,269.26","$1,593.85","$1,445.46","$1,201.59",$716.61,"$1,357.50","$1,330.72","$1,645.08","$1,563.50","$1,739.24","$1,224.65",$966.92,"$1,663.35",$740.79,"$1,592.53","$1,967.98","$2,444.92","$1,247.12","$1,088.38","$1,758.06",$786.30,"$1,407.92","$1,857.00","$1,999.15","$1,130.15",$727.34,"$1,328.88","$1,708.67","$1,935.17","$1,816.00","$1,903.23","$1,326.13","$1,359.58","$1,778.57","$2,180.07","$1,867.00","$1,873.80","$2,137.81","$1,084.92","$2,264.44","$2,174.58","$1,354.03","$1,807.54","$2,135.40","$2,706.28",$919.72,"$1,044.62","$1,748.40","$2,785.40","$2,668.00","$3,407.54","$3,084.87","$1,525.00","$1,754.86","$1,910.22","$1,851.71","$1,958.80","$1,840.23","$1,803.24",$722.26,"$1,265.57","$1,862.80","$2,170.75","$1,930.30","$2,096.57","$2,950.16","$1,404.54","$1,228.39","$1,664.23","$1,415.62","$1,264.27","$1,784.15","$2,288.44","$1,562.95","$1,467.88","$2,372.80","$3,275.06","$2,725.75","$2,487.04","$2,256.72","$1,248.11","$1,876.77","$3,427.31","$3,096.91","$2,167.47","$1,825.90","$2,471.61","$1,683.62","$1,013.13","$2,364.42","$2,253.42","$2,516.60","$2,422.20","$2,588.27","$1,755.54","$1,713.76","$3,640.22","$2,371.32","$3,201.70","$3,261.48","$2,799.93","$1,358.14",$0.00

Payments
Total Collected,"$2,367.77","$2,630.25","$2,007.55","$1,994.04","$3,011.58","$2,457.49","$3,038.12","$3,342.57","$3,842.52","$1,781.81","$1,338.42","$2,803.30","$3,435.63","$2,888.90","$2,741.88","$2,875.70","$1,041.93","$1,658.41","$2,657.41","$2,678.48","$3,215.67","$2,838.21","$3,567.04","$1,687.45","$1,405.50","$1,859.29","$2,705.19","$2,923.88","$3,213.50","$3,242.59","$1,057.23","$1,586.33","$2,632.89","$2,639.58","$2,469.79","$2,611.44","$2,893.60","$1,641.75","$1,726.36","$2,338.60","$2,884.81","$2,416.74","$2,788.41","$2,418.98","$1,579.27","$1,337.74","$2,768.77","$2,237.78","$2,320.34","$2,304.77","$2,124.52","$1,612.78","$1,563.03","$2,608.91","$2,532.94","$2,824.94","$3,171.74","$3,069.16","$1,381.43","$1,110.65","$2,685.92",$740.28,"$3,326.20","$3,330.37","$2,955.84","$1,408.71","$1,490.57","$2,961.01","$2,351.92","$3,115.70","$3,271.16","$2,475.70","$1,717.93",$868.20,"$2,896.70","$2,429.22","$2,629.18","$3,165.27","$3,132.01","$1,701.67","$1,346.71","$2,788.44","$2,592.44","$3,091.91","$3,118.77","$3,212.74","$1,689.15","$1,460.76","$2,624.02","$2,818.74","$2,877.20","$2,906.07","$2,508.47","$1,591.20","$1,486.12","$2,361.15","$2,964.42","$2,852.91","$2,314.61","$3,046.55","$1,795.57","$1,644.97","$2,547.33","$2,431.05","$2,883.79","$2,713.18","$2,962.58","$1,816.69","$1,443.34","$3,090.43","$2,728.54","$2,584.43","$2,023.29","$2,063.41","$1,880.66","$1,482.79","$2,315.97","$2,763.36","$2,772.49","$2,946.85","$2,988.65","$1,703.35","$1,448.45","$1,762.31","$3,003.27","$3,052.07","$2,104.36","$2,527.97","$1,716.22","$1,329.48","$2,470.66","$2,752.93","$2,641.66","$2,900.29","$2,955.27","$1,592.56","$1,618.22","$1,684.98","$2,330.71","$2,759.83","$2,810.54","$2,423.50",$906.64,$723.66,"$1,672.14","$1,542.83","$2,253.10","$1,921.84","$1,129.89","$1,467.16","$1,658.56","$2,604.60","$2,981.44","$3,040.73","$2,657.01","$2,415.39","$1,033.93","$1,279.93","$2,083.33","$1,993.81","$2,338.36","$2,547.25","$2,216.83","$1,041.15","$1,156.86","$1,852.80","$1,885.61","$1,907.59","$2,476.02","$1,769.04","$1,438.88",$857.00,"$1,831.88","$2,011.14","$2,076.24","$3,071.39","$2,382.63","$1,908.29",$840.13,"$1,804.91","$1,703.78","$1,534.63","$1,735.94","$1,932.10","$1,419.89","$1,049.33","$1,739.11","$2,299.85","$1,643.34","$2,350.03","$2,113.76","$1,051.19","$1,020.01","$1,814.60","$1,693.35","$1,817.79","$2,066.35","$2,248.91","$1,136.31","$1,245.50","$1,476.80","$1,197.63","$1,935.54",$0.00,"$1,097.14",$713.99,$730.21,"$1,727.81",$974.92,"$1,072.09","$1,733.86","$1,523.04","$1,346.99",$576.77,"$1,503.18","$1,580.03","$1,430.07","$1,137.26","$1,997.06","$1,139.92",$726.62,"$1,031.07","$1,617.51","$1,556.62","$1,192.73","$1,788.06","$1,233.89",$983.72,"$1,183.83","$1,014.96","$1,209.24","$1,386.17","$1,156.60",$762.34,$555.80,$219.68,"$1,256.58","$1,418.01","$1,171.27","$1,723.53",$749.96,$846.71,$844.50,"$1,213.55","$1,260.43","$1,450.97","$1,570.62",$731.11,$638.39,"$1,362.49","$1,298.50","$1,897.17","$1,487.55","$1,748.11","$1,348.38",$897.00,$899.01,$783.93,$983.36,"$1,336.46","$1,280.62",$750.79,$631.29,"$1,230.65","$1,320.67","$1,269.26","$1,593.85","$1,445.46","$1,201.59",$716.61,"$1,357.50","$1,330.72","$1,645.08","$1,563.50","$1,739.24","$1,224.65",$966.92,"$1,663.35",$740.79,"$1,592.53","$1,967.98","$2,444.92","$1,247.12","$1,088.38","$1,758.06",$786.30,"$1,407.92","$1,857.00","$1,999.15","$1,130.15",$727.34,"$1,328.88","$1,708.67","$1,935.17","$1,816.00","$1,903.23","$1,326.13","$1,359.58","$1,778.57","$2,180.07","$1,867.00","$1,873.80","$2,137.81","$1,084.92","$2,264.44","$2,174.58","$1,354.03","$1,807.54","$2,135.40","$2,706.28",$919.72,"$1,044.62","$1,748.40","$2,785.40","$2,668.00","$3,407.54","$3,084.87","$1,525.00","$1,754.86","$1,910.22","$1,851.71","$1,958.80","$1,840.23","$1,803.24",$722.26,"$1,265.57","$1,862.80","$2,170.75","$1,930.30","$2,096.57","$2,950.16","$1,404.54","$1,228.39","$1,664.23","$1,415.62","$1,264.27","$1,784.15","$2,288.44","$1,562.95","$1,467.88","$2,372.80","$3,275.06","$2,725.75","$2,487.04","$2,256.72","$1,248.11","$1,876.77","$3,427.31","$3,096.91","$2,167.47","$1,825.90","$2,471.61","$1,683.62","$1,013.13","$2,364.42","$2,253.42","$2,516.60","$2,422.20","$2,588.27","$1,755.54","$1,713.76","$3,640.22","$2,371.32","$3,201.70","$3,261.48","$2,799.93","$1,358.14",$0.00
Cash,$0.00,$0.00,$0.00,$0.00,$7.62,$0.00,$0.00,$0.00,$0.00,$0.00,$0.00,$0.00,$0.00,$0.00,$0.00,$0.00,$0.00,$0.00,$0.00,$0.00,$0.00,$0.00,$0.00,$0.00,$0.00,$0.00,$0.00,$0.00,$0.00,$0.00,$0.00,$0.00,$0.00,$0.00,$0.00,$13.07,$0.00,$0.00,$0.00,$0.00,$0.00,$0.00,$0.00,$0.00,$0.00,$0.00,$0.00,$0.00,$0.00,$0.00,$0.00,$0.00,$0.00,$0.00,$0.00,$0.00,$21.78,$0.00,$0.00,$0.00,$0.00,$0.00,$0.00,$0.00,$0.00,$8.71,$0.00,$0.00,$0.00,$0.00,$0.00,$0.00,$0.00,$0.00,$0.00,$0.00,$0.00,$21.24,$0.00,$0.00,$0.00,$0.00,$0.00,$0.00,$0.00,$0.00,$0.00,$0.00,$0.00,$0.00,$0.00,$0.00,$6.53,$0.00,$18.51,$0.00,$18.51,$0.00,$0.00,$0.00,$9.80,$0.00,$0.00,$0.00,$0.00,$0.00,$0.00,$0.00,$0.00,$0.00,$0.00,$6.53,$0.00,$0.00,$0.00,$7.62,$0.00,$0.00,$0.00,$5.44,$0.00,$0.00,$0.00,$0.00,$0.00,$0.00,$0.00,$0.00,$0.00,$0.00,$8.71,$0.00,$0.00,$0.00,$5.99,$0.00,$8.71,$0.00,$0.00,$0.00,$0.00,$55.54,$0.00,$8.71,$0.00,$6.53,$0.00,$0.00,$0.00,$0.00,$0.00,$0.00,$0.00,$0.00,$0.00,$0.00,$0.00,$0.00,$0.00,$0.00,$0.00,$0.00,$0.00,$0.00,$0.00,$0.00,$0.00,$0.00,$0.00,$0.00,$0.00,$33.21,$7.62,$0.00,$5.44,$0.00,$0.00,$0.00,$0.00,$0.00,$0.00,$17.42,$0.00,$0.00,$0.00,$0.00,$0.00,$0.00,$0.00,$0.00,$0.00,$0.00,$0.00,$0.00,$0.00,$0.00,$0.00,$12.52,$0.00,$0.00,$0.00,$0.00,$0.00,$0.00,$0.00,$0.00,$0.00,$0.00,$0.00,$0.00,$0.00,$0.00,$0.00,$0.00,$17.42,$0.00,$0.00,$0.00,$14.70,$0.00,$0.00,$0.00,$0.00,$0.00,$0.00,$0.00,$0.00,$0.00,$0.00,$0.00,$0.00,$0.00,$0.00,$0.00,$0.00,$0.00,$0.00,$0.00,$0.00,$0.00,$0.00,$0.00,$0.00,$0.00,$0.00,$0.00,$0.00,$0.00,$0.00,$0.00,$0.00,$0.00,$0.00,$0.00,$0.00,$0.00,$0.00,$0.00,$0.00,$0.00,$0.00,$0.00,$17.42,$0.00,$0.00,$0.00,$0.00,$0.00,$0.00,$0.00,$0.00,$0.00,$0.00,$0.00,$0.00,$0.00,$0.00,$0.00,$0.00,$0.00,$0.00,$0.00,$0.00,$6.53,$0.00,$0.00,$0.00,$0.00,$0.00,$0.00,$0.00,$0.00,$0.00,$0.00,$0.00,$0.00,$0.00,$0.00,$0.00,$0.00,$0.00,$0.00,$0.00,$0.00,$6.53,$0.00,$13.07,$0.00,$0.00,$0.00,$0.00,$0.00,$0.00,$25.04,$0.00,$0.00,$0.00,$0.00,$0.00,$0.00,$0.00,$0.00,$0.00,$0.00,$0.00,$0.00,$0.00,$0.00,$0.00,$0.00,$0.00,$0.00,$0.00,$0.00,$0.00,$0.00,$0.00,$0.00,$0.00,$0.00,$0.00,$0.00,$0.00,$0.00,$0.00,$0.00,$6.53,$0.00,$0.00,$0.00,$0.00,$0.00,$0.00,$0.00,$0.00,$0.00,$0.00,$0.00,$0.00,$0.00,$0.00,$0.00,$0.00,$0.00,$0.00,$0.00,$0.00,$0.00
Card,"$2,367.77","$2,630.25","$2,007.55","$1,994.04","$3,003.96","$2,457.49","$3,038.12","$3,342.57","$3,842.52","$1,781.81","$1,338.42","$2,803.30","$3,435.63","$2,888.90","$2,741.88","$2,875.70","$1,041.93","$1,658.41","$2,657.41","$2,678.48","$3,215.67","$2,838.21","$3,567.04","$1,687.45","$1,405.50","$1,859.29","$2,705.19","$2,923.88","$3,213.50","$3,242.59","$1,057.23","$1,586.33","$2,632.89","$2,639.58","$2,469.79","$2,598.37","$2,893.60","$1,641.75","$1,726.36","$2,338.60","$2,884.81","$2,416.74","$2,788.41","$2,418.98","$1,579.27","$1,337.74","$2,768.77","$2,237.78","$2,320.34","$2,304.77","$2,124.52","$1,612.78","$1,563.03","$2,608.91","$2,532.94","$2,824.94","$3,149.96","$3,069.16","$1,381.43","$1,110.65","$2,685.92",$740.28,"$3,326.20","$3,330.37","$2,955.84","$1,400.00","$1,490.57","$2,961.01","$2,351.92","$3,115.70","$3,271.16","$2,475.70","$1,717.93",$868.20,"$2,896.70","$2,429.22","$2,629.18","$3,144.03","$3,132.01","$1,701.67","$1,346.71","$2,788.44","$2,592.44","$3,091.91","$3,118.77","$3,212.74","$1,689.15","$1,460.76","$2,624.02","$2,818.74","$2,877.20","$2,906.07","$2,501.94","$1,591.20","$1,467.61","$2,361.15","$2,945.91","$2,852.91","$2,314.61","$3,046.55","$1,785.77","$1,644.97","$2,547.33","$2,431.05","$2,883.79","$2,713.18","$2,962.58","$1,816.69","$1,443.34","$3,090.43","$2,728.54","$2,577.90","$2,023.29","$2,063.41","$1,880.66","$1,475.17","$2,315.97","$2,763.36","$2,772.49","$2,941.41","$2,988.65","$1,703.35","$1,448.45","$1,762.31","$3,003.27","$3,052.07","$2,104.36","$2,527.97","$1,716.22","$1,329.48","$2,461.95","$2,752.93","$2,641.66","$2,900.29","$2,949.28","$1,592.56","$1,609.51","$1,684.98","$2,330.71","$2,759.83","$2,810.54","$2,367.96",$906.64,$714.95,"$1,672.14","$1,536.30","$2,253.10","$1,921.84","$1,129.89","$1,467.16","$1,658.56","$2,604.60","$2,981.44","$3,040.73","$2,657.01","$2,415.39","$1,033.93","$1,279.93","$2,083.33","$1,993.81","$2,338.36","$2,547.25","$2,216.83","$1,041.15","$1,156.86","$1,852.80","$1,885.61","$1,907.59","$2,476.02","$1,769.04","$1,438.88",$823.79,"$1,824.26","$2,011.14","$2,070.80","$3,071.39","$2,382.63","$1,908.29",$840.13,"$1,804.91","$1,703.78","$1,517.21","$1,735.94","$1,932.10","$1,419.89","$1,049.33","$1,739.11","$2,299.85","$1,643.34","$2,350.03","$2,113.76","$1,051.19","$1,020.01","$1,814.60","$1,693.35","$1,817.79","$2,066.35","$2,236.39","$1,136.31","$1,245.50","$1,476.80","$1,197.63","$1,935.54",$0.00,"$1,097.14",$713.99,$730.21,"$1,727.81",$974.92,"$1,072.09","$1,733.86","$1,523.04","$1,346.99",$576.77,"$1,485.76","$1,580.03","$1,430.07","$1,137.26","$1,982.36","$1,139.92",$726.62,"$1,031.07","$1,617.51","$1,556.62","$1,192.73","$1,788.06","$1,233.89",$983.72,"$1,183.83","$1,014.96","$1,209.24","$1,386.17","$1,156.60",$762.34,$555.80,$219.68,"$1,256.58","$1,418.01","$1,171.27","$1,723.53",$749.96,$846.71,$844.50,"$1,213.55","$1,260.43","$1,450.97","$1,570.62",$731.11,$638.39,"$1,362.49","$1,298.50","$1,897.17","$1,487.55","$1,748.11","$1,348.38",$897.00,$899.01,$783.93,$983.36,"$1,336.46","$1,280.62",$750.79,$613.87,"$1,230.65","$1,320.67","$1,269.26","$1,593.85","$1,445.46","$1,201.59",$716.61,"$1,357.50","$1,330.72","$1,645.08","$1,563.50","$1,739.24","$1,224.65",$966.92,"$1,663.35",$740.79,"$1,592.53","$1,967.98","$2,444.92","$1,247.12","$1,081.85","$1,758.06",$786.30,"$1,407.92","$1,857.00","$1,999.15","$1,130.15",$727.34,"$1,328.88","$1,708.67","$1,935.17","$1,816.00","$1,903.23","$1,326.13","$1,359.58","$1,778.57","$2,180.07","$1,867.00","$1,873.80","$2,137.81","$1,084.92","$2,257.91","$2,174.58","$1,340.96","$1,807.54","$2,135.40","$2,706.28",$919.72,"$1,044.62","$1,748.40","$2,760.36","$2,668.00","$3,407.54","$3,084.87","$1,525.00","$1,754.86","$1,910.22","$1,851.71","$1,958.80","$1,840.23","$1,803.24",$722.26,"$1,265.57","$1,862.80","$2,170.75","$1,930.30","$2,096.57","$2,950.16","$1,404.54","$1,228.39","$1,664.23","$1,415.62","$1,264.27","$1,784.15","$2,288.44","$1,562.95","$1,467.88","$2,372.80","$3,275.06","$2,725.75","$2,487.04","$2,256.72","$1,248.11","$1,870.24","$3,427.31","$3,096.91","$2,167.47","$1,825.90","$2,471.61","$1,683.62","$1,013.13","$2,364.42","$2,253.42","$2,516.60","$2,422.20","$2,588.27","$1,755.54","$1,713.76","$3,640.22","$2,371.32","$3,201.70","$3,261.48","$2,799.93","$1,358.14",$0.00
Other,$0.00,$0.00,$0.00,$0.00,$0.00,$0.00,$0.00,$0.00,$0.00,$0.00,$0.00,$0.00,$0.00,$0.00,$0.00,$0.00,$0.00,$0.00,$0.00,$0.00,$0.00,$0.00,$0.00,$0.00,$0.00,$0.00,$0.00,$0.00,$0.00,$0.00,$0.00,$0.00,$0.00,$0.00,$0.00,$0.00,$0.00,$0.00,$0.00,$0.00,$0.00,$0.00,$0.00,$0.00,$0.00,$0.00,$0.00,$0.00,$0.00,$0.00,$0.00,$0.00,$0.00,$0.00,$0.00,$0.00,$0.00,$0.00,$0.00,$0.00,$0.00,$0.00,$0.00,$0.00,$0.00,$0.00,$0.00,$0.00,$0.00,$0.00,$0.00,$0.00,$0.00,$0.00,$0.00,$0.00,$0.00,$0.00,$0.00,$0.00,$0.00,$0.00,$0.00,$0.00,$0.00,$0.00,$0.00,$0.00,$0.00,$0.00,$0.00,$0.00,$0.00,$0.00,$0.00,$0.00,$0.00,$0.00,$0.00,$0.00,$0.00,$0.00,$0.00,$0.00,$0.00,$0.00,$0.00,$0.00,$0.00,$0.00,$0.00,$0.00,$0.00,$0.00,$0.00,$0.00,$0.00,$0.00,$0.00,$0.00,$0.00,$0.00,$0.00,$0.00,$0.00,$0.00,$0.00,$0.00,$0.00,$0.00,$0.00,$0.00,$0.00,$0.00,$0.00,$0.00,$0.00,$0.00,$0.00,$0.00,$0.00,$0.00,$0.00,$0.00,$0.00,$0.00,$0.00,$0.00,$0.00,$0.00,$0.00,$0.00,$0.00,$0.00,$0.00,$0.00,$0.00,$0.00,$0.00,$0.00,$0.00,$0.00,$0.00,$0.00,$0.00,$0.00,$0.00,$0.00,$0.00,$0.00,$0.00,$0.00,$0.00,$0.00,$0.00,$0.00,$0.00,$0.00,$0.00,$0.00,$0.00,$0.00,$0.00,$0.00,$0.00,$0.00,$0.00,$0.00,$0.00,$0.00,$0.00,$0.00,$0.00,$0.00,$0.00,$0.00,$0.00,$0.00,$0.00,$0.00,$0.00,$0.00,$0.00,$0.00,$0.00,$0.00,$0.00,$0.00,$0.00,$0.00,$0.00,$0.00,$0.00,$0.00,$0.00,$0.00,$0.00,$0.00,$0.00,$0.00,$0.00,$0.00,$0.00,$0.00,$0.00,$0.00,$0.00,$0.00,$0.00,$0.00,$0.00,$0.00,$0.00,$0.00,$0.00,$0.00,$0.00,$0.00,$0.00,$0.00,$0.00,$0.00,$0.00,$0.00,$0.00,$0.00,$0.00,$0.00,$0.00,$0.00,$0.00,$0.00,$0.00,$0.00,$0.00,$0.00,$0.00,$0.00,$0.00,$0.00,$0.00,$0.00,$0.00,$0.00,$0.00,$0.00,$0.00,$0.00,$0.00,$0.00,$0.00,$0.00,$0.00,$0.00,$0.00,$0.00,$0.00,$0.00,$0.00,$0.00,$0.00,$0.00,$0.00,$0.00,$0.00,$0.00,$0.00,$0.00,$0.00,$0.00,$0.00,$0.00,$0.00,$0.00,$0.00,$0.00,$0.00,$0.00,$0.00,$0.00,$0.00,$0.00,$0.00,$0.00,$0.00,$0.00,$0.00,$0.00,$0.00,$0.00,$0.00,$0.00,$0.00,$0.00,$0.00,$0.00,$0.00,$0.00,$0.00,$0.00,$0.00,$0.00,$0.00,$0.00,$0.00,$0.00,$0.00,$0.00,$0.00,$0.00,$0.00,$0.00,$0.00,$0.00,$0.00,$0.00,$0.00,$0.00,$0.00,$0.00,$0.00,$0.00,$0.00,$0.00,$0.00,$0.00,$0.00,$0.00,$0.00,$0.00,$0.00,$0.00,$0.00,$0.00,$0.00,$0.00,$0.00,$0.00,$0.00,$0.00,$0.00,$0.00,$0.00,$0.00,$0.00,$0.00,$0.00,$0.00
Gift Card,$0.00,$0.00,$0.00,$0.00,$0.00,$0.00,$0.00,$0.00,$0.00,$0.00,$0.00,$0.00,$0.00,$0.00,$0.00,$0.00,$0.00,$0.00,$0.00,$0.00,$0.00,$0.00,$0.00,$0.00,$0.00,$0.00,$0.00,$0.00,$0.00,$0.00,$0.00,$0.00,$0.00,$0.00,$0.00,$0.00,$0.00,$0.00,$0.00,$0.00,$0.00,$0.00,$0.00,$0.00,$0.00,$0.00,$0.00,$0.00,$0.00,$0.00,$0.00,$0.00,$0.00,$0.00,$0.00,$0.00,$0.00,$0.00,$0.00,$0.00,$0.00,$0.00,$0.00,$0.00,$0.00,$0.00,$0.00,$0.00,$0.00,$0.00,$0.00,$0.00,$0.00,$0.00,$0.00,$0.00,$0.00,$0.00,$0.00,$0.00,$0.00,$0.00,$0.00,$0.00,$0.00,$0.00,$0.00,$0.00,$0.00,$0.00,$0.00,$0.00,$0.00,$0.00,$0.00,$0.00,$0.00,$0.00,$0.00,$0.00,$0.00,$0.00,$0.00,$0.00,$0.00,$0.00,$0.00,$0.00,$0.00,$0.00,$0.00,$0.00,$0.00,$0.00,$0.00,$0.00,$0.00,$0.00,$0.00,$0.00,$0.00,$0.00,$0.00,$0.00,$0.00,$0.00,$0.00,$0.00,$0.00,$0.00,$0.00,$0.00,$0.00,$0.00,$0.00,$0.00,$0.00,$0.00,$0.00,$0.00,$0.00,$0.00,$0.00,$0.00,$0.00,$0.00,$0.00,$0.00,$0.00,$0.00,$0.00,$0.00,$0.00,$0.00,$0.00,$0.00,$0.00,$0.00,$0.00,$0.00,$0.00,$0.00,$0.00,$0.00,$0.00,$0.00,$0.00,$0.00,$0.00,$0.00,$0.00,$0.00,$0.00,$0.00,$0.00,$0.00,$0.00,$0.00,$0.00,$0.00,$0.00,$0.00,$0.00,$0.00,$0.00,$0.00,$0.00,$0.00,$0.00,$0.00,$0.00,$0.00,$0.00,$0.00,$0.00,$0.00,$0.00,$0.00,$0.00,$0.00,$0.00,$0.00,$0.00,$0.00,$0.00,$0.00,$0.00,$0.00,$0.00,$0.00,$0.00,$0.00,$0.00,$0.00,$0.00,$0.00,$0.00,$0.00,$0.00,$0.00,$0.00,$0.00,$0.00,$0.00,$0.00,$0.00,$0.00,$0.00,$0.00,$0.00,$0.00,$0.00,$0.00,$0.00,$0.00,$0.00,$0.00,$0.00,$0.00,$0.00,$0.00,$0.00,$0.00,$0.00,$0.00,$0.00,$0.00,$0.00,$0.00,$0.00,$0.00,$0.00,$0.00,$0.00,$0.00,$0.00,$0.00,$0.00,$0.00,$0.00,$0.00,$0.00,$0.00,$0.00,$0.00,$0.00,$0.00,$0.00,$0.00,$0.00,$0.00,$0.00,$0.00,$0.00,$0.00,$0.00,$0.00,$0.00,$0.00,$0.00,$0.00,$0.00,$0.00,$0.00,$0.00,$0.00,$0.00,$0.00,$0.00,$0.00,$0.00,$0.00,$0.00,$0.00,$0.00,$0.00,$0.00,$0.00,$0.00,$0.00,$0.00,$0.00,$0.00,$0.00,$0.00,$0.00,$0.00,$0.00,$0.00,$0.00,$0.00,$0.00,$0.00,$0.00,$0.00,$0.00,$0.00,$0.00,$0.00,$0.00,$0.00,$0.00,$0.00,$0.00,$0.00,$0.00,$0.00,$0.00,$0.00,$0.00,$0.00,$0.00,$0.00,$0.00,$0.00,$0.00,$0.00,$0.00,$0.00,$0.00,$0.00,$0.00,$0.00,$0.00,$0.00,$0.00,$0.00,$0.00,$0.00,$0.00,$0.00,$0.00,$0.00,$0.00,$0.00,$0.00,$0.00,$0.00,$0.00,$0.00,$0.00,$0.00,$0.00,$0.00,$0.00,$0.00,$0.00,$0.00
Fees,-$82.44,-$91.16,-$68.01,-$68.32,-$103.43,-$85.70,-$106.15,-$117.81,-$134.20,-$61.46,-$45.31,-$97.80,-$120.50,-$100.83,-$95.42,-$100.50,-$35.19,-$56.30,-$91.63,-$93.62,-$111.91,-$99.18,-$121.38,-$58.17,-$47.53,-$63.16,-$94.81,-$101.96,-$111.74,-$112.24,-$36.29,-$53.43,-$91.11,-$92.16,-$86.20,-$90.26,-$100.13,-$55.65,-$58.16,-$82.07,-$100.49,-$89.35,-$96.74,-$83.61,-$53.57,-$44.91,-$95.48,-$78.81,-$81.40,-$79.69,-$73.85,-$54.78,-$53.82,-$90.39,-$87.39,-$97.92,-$108.45,-$106.05,-$46.93,-$38.60,-$92.80,-$25.45,-$115.18,-$116.13,-$103.09,-$47.67,-$50.74,-$102.88,-$82.52,-$108.49,-$112.09,-$85.95,-$58.96,-$29.87,-$100.85,-$83.64,-$91.26,-$107.64,-$108.28,-$58.98,-$46.71,-$97.50,-$90.08,-$107.54,-$108.28,-$110.96,-$57.40,-$50.04,-$91.61,-$98.09,-$99.70,-$100.89,-$86.84,-$54.26,-$50.16,-$82.20,-$101.45,-$99.44,-$79.82,-$105.32,-$60.58,-$55.36,-$88.44,-$84.84,-$99.75,-$94.70,-$102.21,-$62.07,-$49.04,-$106.88,-$95.12,-$89.79,-$70.21,-$71.12,-$64.59,-$50.42,-$80.36,-$96.44,-$96.17,-$101.72,-$102.80,-$57.93,-$49.20,-$60.12,-$103.59,-$107.40,-$74.38,-$87.46,-$57.95,-$44.02,-$85.70,-$94.86,-$92.70,-$101.03,-$101.79,-$54.41,-$54.95,-$58.40,-$80.59,-$95.69,-$97.29,-$82.55,-$30.76,-$23.91,-$55.73,-$53.19,-$78.72,-$66.59,-$38.34,-$49.96,-$55.86,-$90.95,-$104.84,-$106.16,-$92.86,-$83.91,-$34.24,-$43.42,-$71.50,-$70.14,-$82.21,-$88.83,-$76.24,-$35.02,-$38.80,-$65.45,-$65.49,-$66.77,-$85.64,-$61.51,-$47.53,-$28.44,-$63.04,-$69.64,-$72.48,-$107.87,-$83.31,-$64.88,-$28.14,-$62.41,-$59.40,-$52.48,-$60.19,-$66.40,-$46.98,-$34.82,-$60.70,-$80.09,-$56.48,-$81.68,-$73.88,-$35.68,-$34.88,-$63.14,-$59.32,-$63.54,-$71.44,-$77.90,-$37.73,-$41.90,-$51.04,-$42.15,-$66.80,$0.00,-$36.74,-$23.48,-$24.26,-$59.90,-$34.05,-$36.95,-$60.09,-$53.02,-$45.39,-$19.79,-$51.79,-$54.88,-$49.50,-$39.74,-$68.84,-$38.46,-$24.06,-$35.40,-$55.93,-$54.55,-$41.84,-$61.45,-$42.06,-$33.35,-$41.11,-$35.11,-$41.23,-$47.92,-$39.06,-$25.23,-$18.76,-$7.32,-$41.86,-$47.95,-$40.34,-$58.44,-$24.67,-$28.05,-$27.57,-$42.03,-$44.24,-$50.53,-$53.72,-$24.43,-$21.40,-$47.02,-$44.28,-$64.37,-$51.99,-$60.71,-$45.38,-$29.93,-$30.87,-$27.05,-$33.84,-$46.31,-$44.26,-$25.01,-$21.25,-$42.69,-$45.76,-$44.32,-$55.37,-$50.75,-$40.31,-$23.70,-$47.39,-$45.65,-$56.00,-$54.02,-$59.32,-$41.45,-$32.56,-$57.65,-$26.69,-$55.73,-$68.16,-$83.86,-$42.04,-$36.65,-$61.20,-$27.24,-$47.99,-$63.97,-$68.57,-$37.18,-$24.92,-$45.02,-$58.61,-$67.37,-$62.12,-$66.36,-$44.15,-$45.76,-$62.65,-$74.50,-$64.53,-$65.28,-$74.19,-$35.11,-$76.86,-$74.74,-$45.77,-$62.37,-$74.08,-$93.41,-$31.49,-$35.35,-$60.92,-$95.19,-$91.54,-$118.50,-$106.58,-$51.54,-$59.67,-$65.69,-$64.93,-$67.74,-$63.19,-$63.02,-$24.35,-$41.96,-$64.84,-$75.38,-$66.80,-$71.53,-$100.23,-$46.83,-$41.19,-$58.24,-$48.93,-$43.50,-$61.53,-$78.81,-$52.55,-$49.57,-$83.11,-$114.02,-$94.53,-$85.52,-$77.88,-$41.36,-$63.71,-$117.92,-$106.55,-$75.18,-$63.61,-$85.23,-$56.37,-$34.98,-$82.76,-$78.06,-$87.31,-$84.68,-$90.05,-$60.45,-$58.31,-$127.36,-$82.18,-$109.92,-$112.33,-$96.29,-$46.14,$0.00
Net Total,"$2,285.33","$2,539.09","$1,939.54","$1,925.72","$2,908.15","$2,371.79","$2,931.97","$3,224.76","$3,708.32","$1,720.35","$1,293.11","$2,705.50","$3,315.13","$2,788.07","$2,646.46","$2,775.20","$1,006.74","$1,602.11","$2,565.78","$2,584.86","$3,103.76","$2,739.03","$3,445.66","$1,629.28","$1,357.97","$1,796.13","$2,610.38","$2,821.92","$3,101.76","$3,130.35","$1,020.94","$1,532.90","$2,541.78","$2,547.42","$2,383.59","$2,521.18","$2,793.47","$1,586.10","$1,668.20","$2,256.53","$2,784.32","$2,327.39","$2,691.67","$2,335.37","$1,525.70","$1,292.83","$2,673.29","$2,158.97","$2,238.94","$2,225.08","$2,050.67","$1,558.00","$1,509.21","$2,518.52","$2,445.55","$2,727.02","$3,063.29","$2,963.11","$1,334.50","$1,072.05","$2,593.12",$714.83,"$3,211.02","$3,214.24","$2,852.75","$1,361.04","$1,439.83","$2,858.13","$2,269.40","$3,007.21","$3,159.07","$2,389.75","$1,658.97",$838.33,"$2,795.85","$2,345.58","$2,537.92","$3,057.63","$3,023.73","$1,642.69","$1,300.00","$2,690.94","$2,502.36","$2,984.37","$3,010.49","$3,101.78","$1,631.75","$1,410.72","$2,532.41","$2,720.65","$2,777.50","$2,805.18","$2,421.63","$1,536.94","$1,435.96","$2,278.95","$2,862.97","$2,753.47","$2,234.79","$2,941.23","$1,734.99","$1,589.61","$2,458.89","$2,346.21","$2,784.04","$2,618.48","$2,860.37","$1,754.62","$1,394.30","$2,983.55","$2,633.42","$2,494.64","$1,953.08","$1,992.29","$1,816.07","$1,432.37","$2,235.61","$2,666.92","$2,676.32","$2,845.13","$2,885.85","$1,645.42","$1,399.25","$1,702.19","$2,899.68","$2,944.67","$2,029.98","$2,440.51","$1,658.27","$1,285.46","$2,384.96","$2,658.07","$2,548.96","$2,799.26","$2,853.48","$1,538.15","$1,563.27","$1,626.58","$2,250.12","$2,664.14","$2,713.25","$2,340.95",$875.88,$699.75,"$1,616.41","$1,489.64","$2,174.38","$1,855.25","$1,091.55","$1,417.20","$1,602.70","$2,513.65","$2,876.60","$2,934.57","$2,564.15","$2,331.48",$999.69,"$1,236.51","$2,011.83","$1,923.67","$2,256.15","$2,458.42","$2,140.59","$1,006.13","$1,118.06","$1,787.35","$1,820.12","$1,840.82","$2,390.38","$1,707.53","$1,391.35",$828.56,"$1,768.84","$1,941.50","$2,003.76","$2,963.52","$2,299.32","$1,843.41",$811.99,"$1,742.50","$1,644.38","$1,482.15","$1,675.75","$1,865.70","$1,372.91","$1,014.51","$1,678.41","$2,219.76","$1,586.86","$2,268.35","$2,039.88","$1,015.51",$985.13,"$1,751.46","$1,634.03","$1,754.25","$1,994.91","$2,171.01","$1,098.58","$1,203.60","$1,425.76","$1,155.48","$1,868.74",$0.00,"$1,060.40",$690.51,$705.95,"$1,667.91",$940.87,"$1,035.14","$1,673.77","$1,470.02","$1,301.60",$556.98,"$1,451.39","$1,525.15","$1,380.57","$1,097.52","$1,928.22","$1,101.46",$702.56,$995.67,"$1,561.58","$1,502.07","$1,150.89","$1,726.61","$1,191.83",$950.37,"$1,142.72",$979.85,"$1,168.01","$1,338.25","$1,117.54",$737.11,$537.04,$212.36,"$1,214.72","$1,370.06","$1,130.93","$1,665.09",$725.29,$818.66,$816.93,"$1,171.52","$1,216.19","$1,400.44","$1,516.90",$706.68,$616.99,"$1,315.47","$1,254.22","$1,832.80","$1,435.56","$1,687.40","$1,303.00",$867.07,$868.14,$756.88,$949.52,"$1,290.15","$1,236.36",$725.78,$610.04,"$1,187.96","$1,274.91","$1,224.94","$1,538.48","$1,394.71","$1,161.28",$692.91,"$1,310.11","$1,285.07","$1,589.08","$1,509.48","$1,679.92","$1,183.20",$934.36,"$1,605.70",$714.10,"$1,536.80","$1,899.82","$2,361.06","$1,205.08","$1,051.73","$1,696.86",$759.06,"$1,359.93","$1,793.03","$1,930.58","$1,092.97",$702.42,"$1,283.86","$1,650.06","$1,867.80","$1,753.88","$1,836.87","$1,281.98","$1,313.82","$1,715.92","$2,105.57","$1,802.47","$1,808.52","$2,063.62","$1,049.81","$2,187.58","$2,099.84","$1,308.26","$1,745.17","$2,061.32","$2,612.87",$888.23,"$1,009.27","$1,687.48","$2,690.21","$2,576.46","$3,289.04","$2,978.29","$1,473.46","$1,695.19","$1,844.53","$1,786.78","$1,891.06","$1,777.04","$1,740.22",$697.91,"$1,223.61","$1,797.96","$2,095.37","$1,863.50","$2,025.04","$2,849.93","$1,357.71","$1,187.20","$1,605.99","$1,366.69","$1,220.77","$1,722.62","$2,209.63","$1,510.40","$1,418.31","$2,289.69","$3,161.04","$2,631.22","$2,401.52","$2,178.84","$1,206.75","$1,813.06","$3,309.39","$2,990.36","$2,092.29","$1,762.29","$2,386.38","$1,627.25",$978.15,"$2,281.66","$2,175.36","$2,429.29","$2,337.52","$2,498.22","$1,695.09","$1,655.45","$3,512.86","$2,289.14","$3,091.78","$3,149.15","$2,703.64","$1,312.00",$0.00
